% ****************************************************
% Books

@book
{ASM96,
	author		= "D. Sorin, M. Hill, D. Wood",
	title		= "A Primer on Memory Consistency and Cache Coherence",
	volume		= "1",
	edition		= "3",
	year		="2011",
	publisher	= "Morgan \& Claypool"
}




% ****************************************************
% Thesis

@phdthesis
{Gay94,
	author		= "D. Hendler, N. Shavit, L. Yerushalmi",
	title		= "A Scalable Lock-free Stack Algorithm",
	school		= "Sun Microsystems (USA)",
	year		= "2014"
}




% ****************************************************
% Thesis

@phdthesis
{Gay95,
	author		= "T. Ferreira, R. Matias, A. Macedo, L. Araujo",
	title		= "An Experimental Study on Memory Allocators in Multicore and Multithreaded Applications",
	school		= "Federal University of Uberlandia Uberlandia, (Brazil)",
	year		= "2014"
}


% ****************************************************
% Thesis

@phdthesis
{Gay96,
	author		= "D. Petrovic, T. Ropars, A. Schiper",
	title		= "On the Performance of Delegation over Cache-Coherent Shared Memory",
	school		= "Ecole Polytechnique Federale de Lausanne (Switzerland)",
	year		= "2014"
}

